<record><leader>00000cas a22000007a 4500</leader><controlfield tag="001">21655972</controlfield><controlfield tag="008">900531d18881891couwr ne      0    0eng d</controlfield><datafield ind1=" " ind2=" " tag="010"><subfield code="a">sn 90051371 </subfield></datafield><datafield ind1=" " ind2=" " tag="040"><subfield code="a">CNQ</subfield><subfield code="b">eng</subfield><subfield code="c">CNQ</subfield><subfield code="d">OCLCQ</subfield></datafield><datafield ind1=" " ind2=" " tag="042"><subfield code="a">msc</subfield></datafield><datafield ind1="0" ind2=" " tag="130"><subfield code="a">Avalanche (Carbondale, Colo. : 1888)</subfield></datafield><datafield ind1="1" ind2="4" tag="245"><subfield code="a">The avalanche.</subfield></datafield><datafield ind1="1" ind2="3" tag="246"><subfield code="a">Carbondale weekly avalanche</subfield></datafield><datafield ind1=" " ind2=" " tag="260"><subfield code="a">Carbondale, Garfield County, Colo. :</subfield><subfield code="b">H.J. Holmes</subfield></datafield><datafield ind1=" " ind2=" " tag="300"><subfield code="a">v.</subfield></datafield><datafield ind1=" " ind2=" " tag="310"><subfield code="a">Weekly</subfield></datafield><datafield ind1="1" ind2=" " tag="362"><subfield code="a">Began in 1888?</subfield></datafield><datafield ind1="0" ind2=" " tag="362"><subfield code="a">-v. 4, no. 21 (May 31, 1891).</subfield></datafield><datafield ind1=" " ind2=" " tag="500"><subfield code="a">Published in Glenwood Springs, Colo., Mar. 4-May 31, 1891.</subfield></datafield><datafield ind1=" " ind2=" " tag="515"><subfield code="a">Issues for Aug. 6-Dec. 25, 1889 called Advance, Vol. 2, no. 32-v. 2, no. 52 and Avalanche, v.1 no. 4-v. 1, no. 25.</subfield></datafield><datafield ind1=" " ind2=" " tag="530"><subfield code="a">Available on microfilm from the Colorado Historical Society.</subfield></datafield><datafield ind1=" " ind2=" " tag="580"><subfield code="a">Daily ed.: Avalanche in it daily.</subfield></datafield><datafield ind1=" " ind2=" " tag="588"><subfield code="a">Description based on: Vol. 2, no. 30 (July 20, 1889).</subfield></datafield><datafield ind1=" " ind2=" " tag="752"><subfield code="a">United States</subfield><subfield code="b">Colorado</subfield><subfield code="c">Garfield</subfield><subfield code="d">Glenwood Springs.</subfield></datafield><datafield ind1=" " ind2=" " tag="752"><subfield code="a">United States</subfield><subfield code="b">Colorado</subfield><subfield code="c">Garfield</subfield><subfield code="d">Carbondale.</subfield></datafield><datafield ind1="1" ind2=" " tag="775"><subfield code="t">Avalanche in it daily</subfield><subfield code="w">(DLC)sn 91052623</subfield></datafield><datafield ind1="0" ind2="7" tag="785"><subfield code="t">Glenwood echo</subfield><subfield code="w">(DLC)sn 91052663</subfield></datafield><datafield ind1="0" ind2="7" tag="785"><subfield code="t">Avalanche and Glenwood echo</subfield><subfield code="w">(DLC)sn 90051370</subfield></datafield><datafield ind1="1" ind2=" " tag="029"><subfield code="a">AU@</subfield><subfield code="b">000025851605</subfield></datafield></record>